<record><leader>00000cas a2200000 a 4500</leader><controlfield tag="001">22741849</controlfield><controlfield tag="008">901127d18uu19uuiluwr ne      0   a0eng c</controlfield><datafield ind1=" " ind2=" " tag="010"><subfield code="a">sn 90054844 </subfield></datafield><datafield ind1=" " ind2=" " tag="040"><subfield code="a">NVF</subfield><subfield code="b">eng</subfield><subfield code="c">NVF</subfield><subfield code="d">OCL</subfield><subfield code="d">NVF</subfield><subfield code="d">OCLCF</subfield><subfield code="d">OCLCO</subfield><subfield code="d">NVF</subfield></datafield><datafield ind1=" " ind2=" " tag="042"><subfield code="a">pcc</subfield></datafield><datafield ind1=" " ind2=" " tag="043"><subfield code="a">n-us-il</subfield></datafield><datafield ind1="0" ind2="4" tag="245"><subfield code="a">The Shelbyville union.</subfield></datafield><datafield ind1="1" ind2="7" tag="246"><subfield code="a">Shelbyville weekly union</subfield><subfield code="f">&lt;Oct. 15, 1914&gt;-&lt;&gt;</subfield></datafield><datafield ind1=" " ind2=" " tag="260"><subfield code="a">Shelbyville, Ill. :</subfield><subfield code="b">H.L. Martin</subfield></datafield><datafield ind1=" " ind2=" " tag="300"><subfield code="a">volumes</subfield></datafield><datafield ind1=" " ind2=" " tag="310"><subfield code="a">Weekly</subfield></datafield><datafield ind1=" " ind2=" " tag="580"><subfield code="a">Daily eds.: Daily union (Shelbyville, Ill.), 1887-&lt; &gt;, and: Shelbyville daily union (Shelbyville, Ill. : 1897), &lt;1897-1936&gt;.</subfield></datafield><datafield ind1=" " ind2=" " tag="588"><subfield code="a">Description based on: Vol. 14, no. 6 (July 20, 1876).</subfield></datafield><datafield ind1=" " ind2=" " tag="588"><subfield code="a">Latest issue consulted: July 20, 1876.</subfield></datafield><datafield ind1=" " ind2="0" tag="651"><subfield code="a">Shelbyville (Ill.)</subfield><subfield code="v">Newspapers.</subfield></datafield><datafield ind1=" " ind2="7" tag="651"><subfield code="a">Illinois</subfield><subfield code="z">Shelbyville.</subfield><subfield code="2">fast</subfield><subfield code="0">(OCoLC)fst01217908</subfield></datafield><datafield ind1=" " ind2="7" tag="655"><subfield code="a">Newspapers.</subfield><subfield code="2">fast</subfield><subfield code="0">(OCoLC)fst01423814</subfield></datafield><datafield ind1=" " ind2=" " tag="752"><subfield code="a">United States</subfield><subfield code="b">Illinois</subfield><subfield code="c">Shelby County</subfield><subfield code="d">Shelbyville.</subfield></datafield><datafield ind1="1" ind2=" " tag="775"><subfield code="t">Daily union (Shelbyville, Ill.)</subfield><subfield code="w">(DLC)sn 90054843</subfield><subfield code="w">(OCoLC)22741904</subfield></datafield><datafield ind1="1" ind2=" " tag="775"><subfield code="t">Shelbyville daily union (Shelbyville, Ill. : 1897)</subfield><subfield code="w">(DLC)sn 90054842</subfield><subfield code="w">(OCoLC)22741961</subfield></datafield><datafield ind1="1" ind2=" " tag="029"><subfield code="a">AU@</subfield><subfield code="b">000020225223</subfield></datafield></record>